
@article{sims_solving_2002,
	title = {Solving linear rational expectations models},
	volume = {20},
	issn = {0927-7099},
	url = {https://econpapers.repec.org/article/kapcompec/v\_3a20\_3ay\_3a2002\_3ai\_3a1-2\_3ap\_3a1-20.htm},
	abstract = {We describe methods for solving general linear rational expectations models in continuous or discrete timing with or without exogenous variables. The methods are based on matrix eigenvalue decompositions. Copyright 2002 by Kluwer Academic Publishers},
	number = {1-2},
	urldate = {2022-02-16},
	journal = {Computational Economics},
	author = {Sims, Christopher},
	year = {2002},
	note = {Publisher: Springer},
	pages = {1--20}
}
